%YAML 1.1
%TAG !u! tag:unity3d.com,2011:
--- !u!114 &-6483291585460064884
MonoBehaviour:
  m_ObjectHideFlags: 1
  m_CorrespondingSourceObject: {fileID: 0}
  m_PrefabInstance: {fileID: 0}
  m_PrefabAsset: {fileID: 0}
  m_GameObject: {fileID: 0}
  m_Enabled: 1
  m_EditorHideFlags: 0
  m_Script: {fileID: 11500000, guid: 840a439e06374673a9115ed02deb5a54, type: 3}
  m_Name: UINode
  m_EditorClassIdentifier: 
  ErrorNodeNameIsEmpty: 0
  ErrorDuplicateNameFoundInGraph: 0
  m_inputSockets:
  - m_connectionMode: 1
    m_connections: []
    m_connectionPoints:
    - {x: -2, y: 4}
    - {x: 202, y: 4}
    m_direction: 0
    m_canBeDeleted: 0
    m_canBeReordered: 0
    m_curveModifier: 0
    m_height: 24
    m_width: 216
    m_x: 0
    m_y: 38
    m_id: 49a4a1b5-0353-458d-9c6f-ff1b196327e2
    m_nodeId: c3dfa095-0d00-48d4-8229-2086c6f1819a
    m_socketName: InputSocket_0
    m_value: '{"ButtonCategory":"General","ButtonName":"Unnamed","GameEvent":"","TimeDelay":3.0,"Trigger":0}'
    m_valueTypeQualifiedName: Doozy.Engine.UI.Connections.UIConnection, Assembly-CSharp,
      Version=0.0.0.0, Culture=neutral, PublicKeyToken=null
  m_outputSockets:
  - m_connectionMode: 0
    m_connections:
    - m_inputConnectionPoint: {x: 202, y: 4}
      m_outputConnectionPoint: {x: -2, y: 4}
      m_id: a3ef1fe7-d32c-48bf-b8b4-2294f7321b8c
      m_inputNodeId: 7152835e-db59-4022-9c45-9238a966420e
      m_inputSocketId: 5d0452e2-1fb4-434c-9128-65d74f14daff
      m_outputNodeId: c3dfa095-0d00-48d4-8229-2086c6f1819a
      m_outputSocketId: ec15732f-2429-4c18-bdf9-8b90478d0363
    m_connectionPoints:
    - {x: -2, y: 4}
    - {x: 202, y: 4}
    m_direction: 1
    m_canBeDeleted: 1
    m_canBeReordered: 1
    m_curveModifier: 0
    m_height: 24
    m_width: 216
    m_x: 0
    m_y: 62
    m_id: ec15732f-2429-4c18-bdf9-8b90478d0363
    m_nodeId: c3dfa095-0d00-48d4-8229-2086c6f1819a
    m_socketName: OutputSocket_0
    m_value: '{"ButtonCategory":"General","ButtonName":"Back","GameEvent":"","TimeDelay":3.0,"Trigger":0}'
    m_valueTypeQualifiedName: Doozy.Engine.UI.Connections.UIConnection, Assembly-CSharp,
      Version=0.0.0.0, Culture=neutral, PublicKeyToken=null
  - m_connectionMode: 0
    m_connections:
    - m_inputConnectionPoint: {x: -2, y: 4}
      m_outputConnectionPoint: {x: 202, y: 4}
      m_id: f7f054bd-abb0-44ed-bcd8-fca505edcbb2
      m_inputNodeId: 1861e3ae-2577-4456-a10e-c3bf77af750d
      m_inputSocketId: d242efcf-8aa9-4192-a1f1-a15d6d6bb256
      m_outputNodeId: c3dfa095-0d00-48d4-8229-2086c6f1819a
      m_outputSocketId: 63ad45b3-ae2a-43f1-b27a-f9142d299915
    m_connectionPoints:
    - {x: -2, y: 4}
    - {x: 202, y: 4}
    m_direction: 1
    m_canBeDeleted: 1
    m_canBeReordered: 1
    m_curveModifier: 0
    m_height: 24
    m_width: 216
    m_x: 0
    m_y: 86
    m_id: 63ad45b3-ae2a-43f1-b27a-f9142d299915
    m_nodeId: c3dfa095-0d00-48d4-8229-2086c6f1819a
    m_socketName: OutputSocket_1
    m_value: '{"ButtonCategory":"General","ButtonName":"ButtonFormSend","GameEvent":"","TimeDelay":3.0,"Trigger":0}'
    m_valueTypeQualifiedName: Doozy.Engine.UI.Connections.UIConnection, Assembly-CSharp,
      Version=0.0.0.0, Culture=neutral, PublicKeyToken=null
  - m_connectionMode: 0
    m_connections:
    - m_inputConnectionPoint: {x: 202, y: 4}
      m_outputConnectionPoint: {x: -2, y: 4}
      m_id: 0422785d-d9a2-4297-a84c-9be327b561d3
      m_inputNodeId: 7152835e-db59-4022-9c45-9238a966420e
      m_inputSocketId: 5d0452e2-1fb4-434c-9128-65d74f14daff
      m_outputNodeId: c3dfa095-0d00-48d4-8229-2086c6f1819a
      m_outputSocketId: ad23ae17-21d5-4d6d-a728-fb24c4de7b78
    m_connectionPoints:
    - {x: -2, y: 4}
    - {x: 202, y: 4}
    m_direction: 1
    m_canBeDeleted: 1
    m_canBeReordered: 1
    m_curveModifier: 0
    m_height: 24
    m_width: 216
    m_x: 0
    m_y: 110
    m_id: ad23ae17-21d5-4d6d-a728-fb24c4de7b78
    m_nodeId: c3dfa095-0d00-48d4-8229-2086c6f1819a
    m_socketName: OutputSocket_2
    m_value: '{"ButtonCategory":"General","ButtonName":"ButtonFormBack","GameEvent":"","TimeDelay":3.0,"Trigger":0}'
    m_valueTypeQualifiedName: Doozy.Engine.UI.Connections.UIConnection, Assembly-CSharp,
      Version=0.0.0.0, Culture=neutral, PublicKeyToken=null
  m_nodeType: 4
  m_allowDuplicateNodeName: 0
  m_allowEmptyNodeName: 0
  m_canBeDeleted: 1
  m_debugMode: 0
  m_useFixedUpdate: 0
  m_useLateUpdate: 0
  m_useUpdate: 0
  m_height: 176
  m_width: 216
  m_x: 804
  m_y: 384
  m_minimumInputSocketsCount: 1
  m_minimumOutputSocketsCount: 1
  m_graphId: 091d78ff-7566-45f9-bc0a-5628be7df64d
  m_id: c3dfa095-0d00-48d4-8229-2086c6f1819a
  m_name: UIForm
  m_notes: 
  m_onEnterShowViews:
  - Category: General
    InstantAction: 0
    Name: FormView
  m_onEnterHideViews: []
  m_onExitShowViews: []
  m_onExitHideViews:
  - Category: General
    InstantAction: 0
    Name: FormView
--- !u!114 &-5286214996433677954
MonoBehaviour:
  m_ObjectHideFlags: 1
  m_CorrespondingSourceObject: {fileID: 0}
  m_PrefabInstance: {fileID: 0}
  m_PrefabAsset: {fileID: 0}
  m_GameObject: {fileID: 0}
  m_Enabled: 1
  m_EditorHideFlags: 0
  m_Script: {fileID: 11500000, guid: 840a439e06374673a9115ed02deb5a54, type: 3}
  m_Name: UINode
  m_EditorClassIdentifier: 
  ErrorNodeNameIsEmpty: 0
  ErrorDuplicateNameFoundInGraph: 0
  m_inputSockets:
  - m_connectionMode: 1
    m_connections:
    - m_inputConnectionPoint: {x: -2, y: 4}
      m_outputConnectionPoint: {x: 202, y: 4}
      m_id: 219cf494-2aea-49e5-8225-5d023358dbab
      m_inputNodeId: fcc50222-04d2-45fd-b60a-ed5ee1f1c6b5
      m_inputSocketId: 63f21213-308b-471d-9e81-f11a4559d015
      m_outputNodeId: 6342a392-df15-467c-820b-67363d3e64af
      m_outputSocketId: 5d3d65ee-ea5c-41c8-95fe-17aaf7a14fe1
    m_connectionPoints:
    - {x: -2, y: 4}
    - {x: 202, y: 4}
    m_direction: 0
    m_canBeDeleted: 0
    m_canBeReordered: 0
    m_curveModifier: 0
    m_height: 24
    m_width: 216
    m_x: 0
    m_y: 38
    m_id: 63f21213-308b-471d-9e81-f11a4559d015
    m_nodeId: fcc50222-04d2-45fd-b60a-ed5ee1f1c6b5
    m_socketName: InputSocket_0
    m_value: '{"ButtonCategory":"General","ButtonName":"Unnamed","GameEvent":"","TimeDelay":3.0,"Trigger":0}'
    m_valueTypeQualifiedName: Doozy.Engine.UI.Connections.UIConnection, Assembly-CSharp,
      Version=0.0.0.0, Culture=neutral, PublicKeyToken=null
  m_outputSockets:
  - m_connectionMode: 0
    m_connections:
    - m_inputConnectionPoint: {x: -2, y: 4}
      m_outputConnectionPoint: {x: 202, y: 4}
      m_id: 3833de2f-4cd8-439a-aeb7-fc7111b3c321
      m_inputNodeId: efe8b418-6078-423a-877e-1c2ed669f981
      m_inputSocketId: 7ca2572b-fb7d-4170-8378-39dfc556c20d
      m_outputNodeId: fcc50222-04d2-45fd-b60a-ed5ee1f1c6b5
      m_outputSocketId: 1953d989-d8db-4045-a9fc-bd9a307e8f48
    m_connectionPoints:
    - {x: -2, y: 4}
    - {x: 202, y: 4}
    m_direction: 1
    m_canBeDeleted: 1
    m_canBeReordered: 1
    m_curveModifier: 0
    m_height: 24
    m_width: 216
    m_x: 0
    m_y: 62
    m_id: 1953d989-d8db-4045-a9fc-bd9a307e8f48
    m_nodeId: fcc50222-04d2-45fd-b60a-ed5ee1f1c6b5
    m_socketName: OutputSocket_0
    m_value: '{"ButtonCategory":"General","ButtonName":"Back","GameEvent":"","TimeDelay":2.0,"Trigger":4}'
    m_valueTypeQualifiedName: Doozy.Engine.UI.Connections.UIConnection, Assembly-CSharp,
      Version=0.0.0.0, Culture=neutral, PublicKeyToken=null
  m_nodeType: 4
  m_allowDuplicateNodeName: 0
  m_allowEmptyNodeName: 0
  m_canBeDeleted: 1
  m_debugMode: 0
  m_useFixedUpdate: 0
  m_useLateUpdate: 0
  m_useUpdate: 1
  m_height: 128
  m_width: 216
  m_x: 1140
  m_y: -228
  m_minimumInputSocketsCount: 1
  m_minimumOutputSocketsCount: 1
  m_graphId: 091d78ff-7566-45f9-bc0a-5628be7df64d
  m_id: fcc50222-04d2-45fd-b60a-ed5ee1f1c6b5
  m_name: UILoading
  m_notes: 
  m_onEnterShowViews:
  - Category: General
    InstantAction: 0
    Name: LoadingView
  m_onEnterHideViews: []
  m_onExitShowViews: []
  m_onExitHideViews:
  - Category: General
    InstantAction: 0
    Name: LoadingView
--- !u!114 &-4973891634466385121
MonoBehaviour:
  m_ObjectHideFlags: 1
  m_CorrespondingSourceObject: {fileID: 0}
  m_PrefabInstance: {fileID: 0}
  m_PrefabAsset: {fileID: 0}
  m_GameObject: {fileID: 0}
  m_Enabled: 1
  m_EditorHideFlags: 0
  m_Script: {fileID: 11500000, guid: 840a439e06374673a9115ed02deb5a54, type: 3}
  m_Name: UINode
  m_EditorClassIdentifier: 
  ErrorNodeNameIsEmpty: 0
  ErrorDuplicateNameFoundInGraph: 0
  m_inputSockets:
  - m_connectionMode: 1
    m_connections:
    - m_inputConnectionPoint: {x: -2, y: 4}
      m_outputConnectionPoint: {x: 202, y: 4}
      m_id: 20d931e0-8866-4362-9524-811482c799bd
      m_inputNodeId: 7152835e-db59-4022-9c45-9238a966420e
      m_inputSocketId: 5d0452e2-1fb4-434c-9128-65d74f14daff
      m_outputNodeId: bdd184dd-fab1-4996-a142-a2ad955040ee
      m_outputSocketId: 8626d980-6a0a-497a-b006-d6d91096da0d
    - m_inputConnectionPoint: {x: 202, y: 4}
      m_outputConnectionPoint: {x: -2, y: 4}
      m_id: a3ef1fe7-d32c-48bf-b8b4-2294f7321b8c
      m_inputNodeId: 7152835e-db59-4022-9c45-9238a966420e
      m_inputSocketId: 5d0452e2-1fb4-434c-9128-65d74f14daff
      m_outputNodeId: c3dfa095-0d00-48d4-8229-2086c6f1819a
      m_outputSocketId: ec15732f-2429-4c18-bdf9-8b90478d0363
    - m_inputConnectionPoint: {x: -2, y: 4}
      m_outputConnectionPoint: {x: 202, y: 4}
      m_id: 744c17da-741a-4345-966c-3f88eaa04e73
      m_inputNodeId: 7152835e-db59-4022-9c45-9238a966420e
      m_inputSocketId: 5d0452e2-1fb4-434c-9128-65d74f14daff
      m_outputNodeId: 60e4881e-480b-4ac2-87c1-907654aca4c3
      m_outputSocketId: 8c7f16a9-739e-4858-8013-7a71084e31ab
    - m_inputConnectionPoint: {x: 202, y: 4}
      m_outputConnectionPoint: {x: -2, y: 4}
      m_id: 73d5da57-2017-4bec-a0c6-00bd0c654d15
      m_inputNodeId: 7152835e-db59-4022-9c45-9238a966420e
      m_inputSocketId: 5d0452e2-1fb4-434c-9128-65d74f14daff
      m_outputNodeId: 6342a392-df15-467c-820b-67363d3e64af
      m_outputSocketId: f431c929-26e2-4e4d-bb28-4d9d0cd6a671
    - m_inputConnectionPoint: {x: 202, y: 4}
      m_outputConnectionPoint: {x: -2, y: 4}
      m_id: 0422785d-d9a2-4297-a84c-9be327b561d3
      m_inputNodeId: 7152835e-db59-4022-9c45-9238a966420e
      m_inputSocketId: 5d0452e2-1fb4-434c-9128-65d74f14daff
      m_outputNodeId: c3dfa095-0d00-48d4-8229-2086c6f1819a
      m_outputSocketId: ad23ae17-21d5-4d6d-a728-fb24c4de7b78
    - m_inputConnectionPoint: {x: -2, y: 4}
      m_outputConnectionPoint: {x: 202, y: 4}
      m_id: b0bba367-c4f4-45db-9dfe-9deaafce0fba
      m_inputNodeId: 7152835e-db59-4022-9c45-9238a966420e
      m_inputSocketId: 5d0452e2-1fb4-434c-9128-65d74f14daff
      m_outputNodeId: 98012e29-627c-4fa9-a0cb-838044c51873
      m_outputSocketId: 7bd8caa4-2731-4616-ba6e-544c00036823
    - m_inputConnectionPoint: {x: 202, y: 4}
      m_outputConnectionPoint: {x: -2, y: 4}
      m_id: 6c991a74-0a1e-4489-a287-a0c9da771f79
      m_inputNodeId: 7152835e-db59-4022-9c45-9238a966420e
      m_inputSocketId: 5d0452e2-1fb4-434c-9128-65d74f14daff
      m_outputNodeId: 6342a392-df15-467c-820b-67363d3e64af
      m_outputSocketId: 476393bd-1ac7-46df-bb9b-00c41551c74e
    - m_inputConnectionPoint: {x: -2, y: 4}
      m_outputConnectionPoint: {x: 202, y: 4}
      m_id: dc7ea233-8cb3-4967-b175-4bf77008b18f
      m_inputNodeId: 7152835e-db59-4022-9c45-9238a966420e
      m_inputSocketId: 5d0452e2-1fb4-434c-9128-65d74f14daff
      m_outputNodeId: 98012e29-627c-4fa9-a0cb-838044c51873
      m_outputSocketId: a2730d61-24d4-4ae7-80a9-d6ae4d0c07f3
    m_connectionPoints:
    - {x: -2, y: 4}
    - {x: 202, y: 4}
    m_direction: 0
    m_canBeDeleted: 0
    m_canBeReordered: 0
    m_curveModifier: 0
    m_height: 24
    m_width: 216
    m_x: 0
    m_y: 38
    m_id: 5d0452e2-1fb4-434c-9128-65d74f14daff
    m_nodeId: 7152835e-db59-4022-9c45-9238a966420e
    m_socketName: InputSocket_0
    m_value: '{"ButtonCategory":"General","ButtonName":"Unnamed","GameEvent":"","TimeDelay":3.0,"Trigger":0}'
    m_valueTypeQualifiedName: Doozy.Engine.UI.Connections.UIConnection, Assembly-CSharp,
      Version=0.0.0.0, Culture=neutral, PublicKeyToken=null
  m_outputSockets:
  - m_connectionMode: 0
    m_connections: []
    m_connectionPoints:
    - {x: -2, y: 4}
    - {x: 202, y: 4}
    m_direction: 1
    m_canBeDeleted: 1
    m_canBeReordered: 1
    m_curveModifier: 0
    m_height: 24
    m_width: 216
    m_x: 0
    m_y: 62
    m_id: 040fa7e5-9bba-40c1-9bce-2d8934424c28
    m_nodeId: 7152835e-db59-4022-9c45-9238a966420e
    m_socketName: OutputSocket_0
    m_value: '{"ButtonCategory":"General","ButtonName":"Back","GameEvent":"","TimeDelay":3.0,"Trigger":0}'
    m_valueTypeQualifiedName: Doozy.Engine.UI.Connections.UIConnection, Assembly-CSharp,
      Version=0.0.0.0, Culture=neutral, PublicKeyToken=null
  - m_connectionMode: 0
    m_connections:
    - m_inputConnectionPoint: {x: -2, y: 4}
      m_outputConnectionPoint: {x: 202, y: 4}
      m_id: 6fb40f83-fec1-4771-9635-4d8c9f563749
      m_inputNodeId: 6342a392-df15-467c-820b-67363d3e64af
      m_inputSocketId: 7428d433-6a23-4901-b096-5edd751e1be6
      m_outputNodeId: 7152835e-db59-4022-9c45-9238a966420e
      m_outputSocketId: fc68e2c5-7ee2-4741-bf05-c75844946467
    m_connectionPoints:
    - {x: -2, y: 4}
    - {x: 202, y: 4}
    m_direction: 1
    m_canBeDeleted: 1
    m_canBeReordered: 1
    m_curveModifier: 0
    m_height: 24
    m_width: 216
    m_x: 0
    m_y: 86
    m_id: fc68e2c5-7ee2-4741-bf05-c75844946467
    m_nodeId: 7152835e-db59-4022-9c45-9238a966420e
    m_socketName: OutputSocket_1
    m_value: '{"ButtonCategory":"General","ButtonName":"ButtonRASelect","GameEvent":"","TimeDelay":3.0,"Trigger":0}'
    m_valueTypeQualifiedName: Doozy.Engine.UI.Connections.UIConnection, Assembly-CSharp,
      Version=0.0.0.0, Culture=neutral, PublicKeyToken=null
  - m_connectionMode: 0
    m_connections:
    - m_inputConnectionPoint: {x: 202, y: 4}
      m_outputConnectionPoint: {x: -2, y: 4}
      m_id: 69cb6dfe-36cb-4ef0-baad-e2cdf546d266
      m_inputNodeId: 98012e29-627c-4fa9-a0cb-838044c51873
      m_inputSocketId: 39cdf1d2-b9ee-4ce6-8983-5c96fa9ca002
      m_outputNodeId: 7152835e-db59-4022-9c45-9238a966420e
      m_outputSocketId: cce9259c-4379-43e3-8754-3eee0b5a7032
    m_connectionPoints:
    - {x: -2, y: 4}
    - {x: 202, y: 4}
    m_direction: 1
    m_canBeDeleted: 1
    m_canBeReordered: 1
    m_curveModifier: 0
    m_height: 24
    m_width: 216
    m_x: 0
    m_y: 110
    m_id: cce9259c-4379-43e3-8754-3eee0b5a7032
    m_nodeId: 7152835e-db59-4022-9c45-9238a966420e
    m_socketName: OutputSocket_2
    m_value: '{"ButtonCategory":"General","ButtonName":"ButtonMainMenuGames","GameEvent":"","TimeDelay":3.0,"Trigger":0}'
    m_valueTypeQualifiedName: Doozy.Engine.UI.Connections.UIConnection, Assembly-CSharp,
      Version=0.0.0.0, Culture=neutral, PublicKeyToken=null
  m_nodeType: 4
  m_allowDuplicateNodeName: 0
  m_allowEmptyNodeName: 0
  m_canBeDeleted: 1
  m_debugMode: 0
  m_useFixedUpdate: 0
  m_useLateUpdate: 0
  m_useUpdate: 0
  m_height: 176
  m_width: 216
  m_x: 492
  m_y: -72
  m_minimumInputSocketsCount: 1
  m_minimumOutputSocketsCount: 1
  m_graphId: 091d78ff-7566-45f9-bc0a-5628be7df64d
  m_id: 7152835e-db59-4022-9c45-9238a966420e
  m_name: UIMainMenu
  m_notes: 
  m_onEnterShowViews:
  - Category: General
    InstantAction: 0
    Name: MenuView
  m_onEnterHideViews: []
  m_onExitShowViews: []
  m_onExitHideViews:
  - Category: General
    InstantAction: 0
    Name: MenuView
--- !u!114 &-3714057039910329246
MonoBehaviour:
  m_ObjectHideFlags: 1
  m_CorrespondingSourceObject: {fileID: 0}
  m_PrefabInstance: {fileID: 0}
  m_PrefabAsset: {fileID: 0}
  m_GameObject: {fileID: 0}
  m_Enabled: 1
  m_EditorHideFlags: 0
  m_Script: {fileID: 11500000, guid: d57ed238b12b4e09aba0c83117a55de7, type: 3}
  m_Name: StartNode
  m_EditorClassIdentifier: 
  ErrorNodeNameIsEmpty: 0
  ErrorDuplicateNameFoundInGraph: 0
  m_inputSockets: []
  m_outputSockets:
  - m_connectionMode: 0
    m_connections:
    - m_inputConnectionPoint: {x: -2, y: 4}
      m_outputConnectionPoint: {x: 106, y: 4}
      m_id: 53087d61-d8c7-4a15-a639-373ba815fc6b
      m_inputNodeId: 60e4881e-480b-4ac2-87c1-907654aca4c3
      m_inputSocketId: 8603eb59-5982-4fb6-8f3d-ac21ba5dff06
      m_outputNodeId: ae9e7014-7d88-46c9-b5a9-c23ffba0d6cc
      m_outputSocketId: 26ce9a11-ec07-4d71-8b56-8fce1275ca98
    m_connectionPoints:
    - {x: -2, y: 4}
    - {x: 106, y: 4}
    m_direction: 1
    m_canBeDeleted: 0
    m_canBeReordered: 0
    m_curveModifier: 0
    m_height: 24
    m_width: 120
    m_x: 0
    m_y: 38
    m_id: 26ce9a11-ec07-4d71-8b56-8fce1275ca98
    m_nodeId: ae9e7014-7d88-46c9-b5a9-c23ffba0d6cc
    m_socketName: OutputSocket_0
    m_value: '{"ButtonCategory":"General","ButtonName":"Unnamed","GameEvent":"","TimeDelay":3.0,"Trigger":0}'
    m_valueTypeQualifiedName: Doozy.Engine.UI.Connections.UIConnection, Assembly-CSharp,
      Version=0.0.0.0, Culture=neutral, PublicKeyToken=null
  m_nodeType: 0
  m_allowDuplicateNodeName: 0
  m_allowEmptyNodeName: 0
  m_canBeDeleted: 0
  m_debugMode: 0
  m_useFixedUpdate: 0
  m_useLateUpdate: 0
  m_useUpdate: 0
  m_height: 80
  m_width: 120
  m_x: -60
  m_y: -16
  m_minimumInputSocketsCount: 1
  m_minimumOutputSocketsCount: 1
  m_graphId: 091d78ff-7566-45f9-bc0a-5628be7df64d
  m_id: ae9e7014-7d88-46c9-b5a9-c23ffba0d6cc
  m_name: Start
  m_notes: 
  ErrorNodeIsNotConnected: 0
--- !u!114 &-2920118980259528056
MonoBehaviour:
  m_ObjectHideFlags: 1
  m_CorrespondingSourceObject: {fileID: 0}
  m_PrefabInstance: {fileID: 0}
  m_PrefabAsset: {fileID: 0}
  m_GameObject: {fileID: 0}
  m_Enabled: 1
  m_EditorHideFlags: 0
  m_Script: {fileID: 11500000, guid: 840a439e06374673a9115ed02deb5a54, type: 3}
  m_Name: UINode
  m_EditorClassIdentifier: 
  ErrorNodeNameIsEmpty: 0
  ErrorDuplicateNameFoundInGraph: 0
  m_inputSockets:
  - m_connectionMode: 1
    m_connections:
    - m_inputConnectionPoint: {x: -2, y: 4}
      m_outputConnectionPoint: {x: 202, y: 4}
      m_id: 3833de2f-4cd8-439a-aeb7-fc7111b3c321
      m_inputNodeId: efe8b418-6078-423a-877e-1c2ed669f981
      m_inputSocketId: 7ca2572b-fb7d-4170-8378-39dfc556c20d
      m_outputNodeId: fcc50222-04d2-45fd-b60a-ed5ee1f1c6b5
      m_outputSocketId: 1953d989-d8db-4045-a9fc-bd9a307e8f48
    m_connectionPoints:
    - {x: -2, y: 4}
    - {x: 202, y: 4}
    m_direction: 0
    m_canBeDeleted: 0
    m_canBeReordered: 0
    m_curveModifier: 0
    m_height: 24
    m_width: 216
    m_x: 0
    m_y: 38
    m_id: 7ca2572b-fb7d-4170-8378-39dfc556c20d
    m_nodeId: efe8b418-6078-423a-877e-1c2ed669f981
    m_socketName: InputSocket_0
    m_value: '{"ButtonCategory":"General","ButtonName":"Unnamed","GameEvent":"","TimeDelay":3.0,"Trigger":0}'
    m_valueTypeQualifiedName: Doozy.Engine.UI.Connections.UIConnection, Assembly-CSharp,
      Version=0.0.0.0, Culture=neutral, PublicKeyToken=null
  m_outputSockets:
  - m_connectionMode: 0
    m_connections:
    - m_inputConnectionPoint: {x: 202, y: 4}
      m_outputConnectionPoint: {x: -2, y: 4}
      m_id: 8805df05-fb43-4864-84e2-bb46a775bcb1
      m_inputNodeId: 6342a392-df15-467c-820b-67363d3e64af
      m_inputSocketId: 7428d433-6a23-4901-b096-5edd751e1be6
      m_outputNodeId: efe8b418-6078-423a-877e-1c2ed669f981
      m_outputSocketId: 57710117-d9f7-49fc-82f2-50ddb55af47a
    m_connectionPoints:
    - {x: -2, y: 4}
    - {x: 202, y: 4}
    m_direction: 1
    m_canBeDeleted: 1
    m_canBeReordered: 1
    m_curveModifier: 0
    m_height: 24
    m_width: 216
    m_x: 0
    m_y: 62
    m_id: 57710117-d9f7-49fc-82f2-50ddb55af47a
    m_nodeId: efe8b418-6078-423a-877e-1c2ed669f981
    m_socketName: OutputSocket_0
    m_value: '{"ButtonCategory":"General","ButtonName":"Back","GameEvent":"","TimeDelay":3.0,"Trigger":0}'
    m_valueTypeQualifiedName: Doozy.Engine.UI.Connections.UIConnection, Assembly-CSharp,
      Version=0.0.0.0, Culture=neutral, PublicKeyToken=null
  - m_connectionMode: 0
    m_connections: []
    m_connectionPoints:
    - {x: -2, y: 4}
    - {x: 202, y: 4}
    m_direction: 1
    m_canBeDeleted: 1
    m_canBeReordered: 1
    m_curveModifier: 0
    m_height: 24
    m_width: 216
    m_x: 0
    m_y: 86
    m_id: 3dbabedb-daeb-4221-96fc-4a6f96f4b6b4
    m_nodeId: efe8b418-6078-423a-877e-1c2ed669f981
    m_socketName: OutputSocket_1
    m_value: '{"ButtonCategory":"General","ButtonName":"ButtonRAParticipar","GameEvent":"","TimeDelay":3.0,"Trigger":0}'
    m_valueTypeQualifiedName: Doozy.Engine.UI.Connections.UIConnection, Assembly-CSharp,
      Version=0.0.0.0, Culture=neutral, PublicKeyToken=null
  - m_connectionMode: 0
    m_connections:
    - m_inputConnectionPoint: {x: 202, y: 4}
      m_outputConnectionPoint: {x: -2, y: 4}
      m_id: b585a50f-0e64-43b8-8248-209136bfc1ea
      m_inputNodeId: 6342a392-df15-467c-820b-67363d3e64af
      m_inputSocketId: 7428d433-6a23-4901-b096-5edd751e1be6
      m_outputNodeId: efe8b418-6078-423a-877e-1c2ed669f981
      m_outputSocketId: 814b47d7-3d30-4745-bdf3-f5bec5967453
    m_connectionPoints:
    - {x: -2, y: 4}
    - {x: 202, y: 4}
    m_direction: 1
    m_canBeDeleted: 1
    m_canBeReordered: 1
    m_curveModifier: 0
    m_height: 24
    m_width: 216
    m_x: 0
    m_y: 110
    m_id: 814b47d7-3d30-4745-bdf3-f5bec5967453
    m_nodeId: efe8b418-6078-423a-877e-1c2ed669f981
    m_socketName: OutputSocket_2
    m_value: '{"ButtonCategory":"General","ButtonName":"ButtonRABack","GameEvent":"","TimeDelay":3.0,"Trigger":0}'
    m_valueTypeQualifiedName: Doozy.Engine.UI.Connections.UIConnection, Assembly-CSharp,
      Version=0.0.0.0, Culture=neutral, PublicKeyToken=null
  m_nodeType: 4
  m_allowDuplicateNodeName: 0
  m_allowEmptyNodeName: 0
  m_canBeDeleted: 1
  m_debugMode: 0
  m_useFixedUpdate: 0
  m_useLateUpdate: 0
  m_useUpdate: 0
  m_height: 176
  m_width: 216
  m_x: 1440
  m_y: -60
  m_minimumInputSocketsCount: 1
  m_minimumOutputSocketsCount: 1
  m_graphId: 091d78ff-7566-45f9-bc0a-5628be7df64d
  m_id: efe8b418-6078-423a-877e-1c2ed669f981
  m_name: UIRAMain
  m_notes: 
  m_onEnterShowViews:
  - Category: General
    InstantAction: 0
    Name: RAView
  m_onEnterHideViews: []
  m_onExitShowViews: []
  m_onExitHideViews:
  - Category: General
    InstantAction: 0
    Name: RAView
--- !u!114 &-2012877237212849154
MonoBehaviour:
  m_ObjectHideFlags: 1
  m_CorrespondingSourceObject: {fileID: 0}
  m_PrefabInstance: {fileID: 0}
  m_PrefabAsset: {fileID: 0}
  m_GameObject: {fileID: 0}
  m_Enabled: 1
  m_EditorHideFlags: 0
  m_Script: {fileID: 11500000, guid: 840a439e06374673a9115ed02deb5a54, type: 3}
  m_Name: UINode
  m_EditorClassIdentifier: 
  ErrorNodeNameIsEmpty: 0
  ErrorDuplicateNameFoundInGraph: 0
  m_inputSockets:
  - m_connectionMode: 1
    m_connections:
    - m_inputConnectionPoint: {x: 202, y: 4}
      m_outputConnectionPoint: {x: -2, y: 4}
      m_id: 8805df05-fb43-4864-84e2-bb46a775bcb1
      m_inputNodeId: 6342a392-df15-467c-820b-67363d3e64af
      m_inputSocketId: 7428d433-6a23-4901-b096-5edd751e1be6
      m_outputNodeId: efe8b418-6078-423a-877e-1c2ed669f981
      m_outputSocketId: 57710117-d9f7-49fc-82f2-50ddb55af47a
    - m_inputConnectionPoint: {x: -2, y: 4}
      m_outputConnectionPoint: {x: 202, y: 4}
      m_id: 6fb40f83-fec1-4771-9635-4d8c9f563749
      m_inputNodeId: 6342a392-df15-467c-820b-67363d3e64af
      m_inputSocketId: 7428d433-6a23-4901-b096-5edd751e1be6
      m_outputNodeId: 7152835e-db59-4022-9c45-9238a966420e
      m_outputSocketId: fc68e2c5-7ee2-4741-bf05-c75844946467
    - m_inputConnectionPoint: {x: 202, y: 4}
      m_outputConnectionPoint: {x: -2, y: 4}
      m_id: b585a50f-0e64-43b8-8248-209136bfc1ea
      m_inputNodeId: 6342a392-df15-467c-820b-67363d3e64af
      m_inputSocketId: 7428d433-6a23-4901-b096-5edd751e1be6
      m_outputNodeId: efe8b418-6078-423a-877e-1c2ed669f981
      m_outputSocketId: 814b47d7-3d30-4745-bdf3-f5bec5967453
    m_connectionPoints:
    - {x: -2, y: 4}
    - {x: 202, y: 4}
    m_direction: 0
    m_canBeDeleted: 0
    m_canBeReordered: 0
    m_curveModifier: 0
    m_height: 24
    m_width: 216
    m_x: 0
    m_y: 38
    m_id: 7428d433-6a23-4901-b096-5edd751e1be6
    m_nodeId: 6342a392-df15-467c-820b-67363d3e64af
    m_socketName: InputSocket_0
    m_value: '{"ButtonCategory":"General","ButtonName":"Unnamed","GameEvent":"","TimeDelay":3.0,"Trigger":0}'
    m_valueTypeQualifiedName: Doozy.Engine.UI.Connections.UIConnection, Assembly-CSharp,
      Version=0.0.0.0, Culture=neutral, PublicKeyToken=null
  m_outputSockets:
  - m_connectionMode: 0
    m_connections:
    - m_inputConnectionPoint: {x: 202, y: 4}
      m_outputConnectionPoint: {x: -2, y: 4}
      m_id: 73d5da57-2017-4bec-a0c6-00bd0c654d15
      m_inputNodeId: 7152835e-db59-4022-9c45-9238a966420e
      m_inputSocketId: 5d0452e2-1fb4-434c-9128-65d74f14daff
      m_outputNodeId: 6342a392-df15-467c-820b-67363d3e64af
      m_outputSocketId: f431c929-26e2-4e4d-bb28-4d9d0cd6a671
    m_connectionPoints:
    - {x: -2, y: 4}
    - {x: 202, y: 4}
    m_direction: 1
    m_canBeDeleted: 1
    m_canBeReordered: 1
    m_curveModifier: 0
    m_height: 24
    m_width: 216
    m_x: 0
    m_y: 62
    m_id: f431c929-26e2-4e4d-bb28-4d9d0cd6a671
    m_nodeId: 6342a392-df15-467c-820b-67363d3e64af
    m_socketName: OutputSocket_0
    m_value: '{"ButtonCategory":"General","ButtonName":"Back","GameEvent":"","TimeDelay":3.0,"Trigger":0}'
    m_valueTypeQualifiedName: Doozy.Engine.UI.Connections.UIConnection, Assembly-CSharp,
      Version=0.0.0.0, Culture=neutral, PublicKeyToken=null
  - m_connectionMode: 0
    m_connections:
    - m_inputConnectionPoint: {x: -2, y: 4}
      m_outputConnectionPoint: {x: 202, y: 4}
      m_id: 219cf494-2aea-49e5-8225-5d023358dbab
      m_inputNodeId: fcc50222-04d2-45fd-b60a-ed5ee1f1c6b5
      m_inputSocketId: 63f21213-308b-471d-9e81-f11a4559d015
      m_outputNodeId: 6342a392-df15-467c-820b-67363d3e64af
      m_outputSocketId: 5d3d65ee-ea5c-41c8-95fe-17aaf7a14fe1
    m_connectionPoints:
    - {x: -2, y: 4}
    - {x: 202, y: 4}
    m_direction: 1
    m_canBeDeleted: 1
    m_canBeReordered: 1
    m_curveModifier: 0
    m_height: 24
    m_width: 216
    m_x: 0
    m_y: 86
    m_id: 5d3d65ee-ea5c-41c8-95fe-17aaf7a14fe1
    m_nodeId: 6342a392-df15-467c-820b-67363d3e64af
    m_socketName: OutputSocket_1
    m_value: '{"ButtonCategory":"General","ButtonName":"ButtonRAPlay","GameEvent":"","TimeDelay":3.0,"Trigger":0}'
    m_valueTypeQualifiedName: Doozy.Engine.UI.Connections.UIConnection, Assembly-CSharp,
      Version=0.0.0.0, Culture=neutral, PublicKeyToken=null
  - m_connectionMode: 0
    m_connections:
    - m_inputConnectionPoint: {x: 202, y: 4}
      m_outputConnectionPoint: {x: -2, y: 4}
      m_id: 6c991a74-0a1e-4489-a287-a0c9da771f79
      m_inputNodeId: 7152835e-db59-4022-9c45-9238a966420e
      m_inputSocketId: 5d0452e2-1fb4-434c-9128-65d74f14daff
      m_outputNodeId: 6342a392-df15-467c-820b-67363d3e64af
      m_outputSocketId: 476393bd-1ac7-46df-bb9b-00c41551c74e
    m_connectionPoints:
    - {x: -2, y: 4}
    - {x: 202, y: 4}
    m_direction: 1
    m_canBeDeleted: 1
    m_canBeReordered: 1
    m_curveModifier: 0
    m_height: 24
    m_width: 216
    m_x: 0
    m_y: 110
    m_id: 476393bd-1ac7-46df-bb9b-00c41551c74e
    m_nodeId: 6342a392-df15-467c-820b-67363d3e64af
    m_socketName: OutputSocket_2
    m_value: '{"ButtonCategory":"General","ButtonName":"ButtonSelectorBack","GameEvent":"","TimeDelay":3.0,"Trigger":0}'
    m_valueTypeQualifiedName: Doozy.Engine.UI.Connections.UIConnection, Assembly-CSharp,
      Version=0.0.0.0, Culture=neutral, PublicKeyToken=null
  m_nodeType: 4
  m_allowDuplicateNodeName: 0
  m_allowEmptyNodeName: 0
  m_canBeDeleted: 1
  m_debugMode: 0
  m_useFixedUpdate: 0
  m_useLateUpdate: 0
  m_useUpdate: 0
  m_height: 176
  m_width: 216
  m_x: 876
  m_y: -24
  m_minimumInputSocketsCount: 1
  m_minimumOutputSocketsCount: 1
  m_graphId: 091d78ff-7566-45f9-bc0a-5628be7df64d
  m_id: 6342a392-df15-467c-820b-67363d3e64af
  m_name: UIRASelect
  m_notes: 
  m_onEnterShowViews:
  - Category: General
    InstantAction: 0
    Name: SelectorView
  m_onEnterHideViews: []
  m_onExitShowViews: []
  m_onExitHideViews:
  - Category: General
    InstantAction: 0
    Name: SelectorView
--- !u!114 &-71974868780795634
MonoBehaviour:
  m_ObjectHideFlags: 1
  m_CorrespondingSourceObject: {fileID: 0}
  m_PrefabInstance: {fileID: 0}
  m_PrefabAsset: {fileID: 0}
  m_GameObject: {fileID: 0}
  m_Enabled: 1
  m_EditorHideFlags: 0
  m_Script: {fileID: 11500000, guid: 840a439e06374673a9115ed02deb5a54, type: 3}
  m_Name: UINode
  m_EditorClassIdentifier: 
  ErrorNodeNameIsEmpty: 0
  ErrorDuplicateNameFoundInGraph: 0
  m_inputSockets:
  - m_connectionMode: 1
    m_connections:
    - m_inputConnectionPoint: {x: -2, y: 4}
      m_outputConnectionPoint: {x: 106, y: 4}
      m_id: 53087d61-d8c7-4a15-a639-373ba815fc6b
      m_inputNodeId: 60e4881e-480b-4ac2-87c1-907654aca4c3
      m_inputSocketId: 8603eb59-5982-4fb6-8f3d-ac21ba5dff06
      m_outputNodeId: ae9e7014-7d88-46c9-b5a9-c23ffba0d6cc
      m_outputSocketId: 26ce9a11-ec07-4d71-8b56-8fce1275ca98
    m_connectionPoints:
    - {x: -2, y: 4}
    - {x: 202, y: 4}
    m_direction: 0
    m_canBeDeleted: 0
    m_canBeReordered: 0
    m_curveModifier: 0
    m_height: 24
    m_width: 216
    m_x: 0
    m_y: 38
    m_id: 8603eb59-5982-4fb6-8f3d-ac21ba5dff06
    m_nodeId: 60e4881e-480b-4ac2-87c1-907654aca4c3
    m_socketName: InputSocket_0
    m_value: '{"ButtonCategory":"General","ButtonName":"Unnamed","GameEvent":"","TimeDelay":3.0,"Trigger":0}'
    m_valueTypeQualifiedName: Doozy.Engine.UI.Connections.UIConnection, Assembly-CSharp,
      Version=0.0.0.0, Culture=neutral, PublicKeyToken=null
  m_outputSockets:
  - m_connectionMode: 0
    m_connections: []
    m_connectionPoints:
    - {x: -2, y: 4}
    - {x: 202, y: 4}
    m_direction: 1
    m_canBeDeleted: 1
    m_canBeReordered: 1
    m_curveModifier: 0
    m_height: 24
    m_width: 216
    m_x: 0
    m_y: 62
    m_id: f864fcc8-a224-46e0-8b59-6d736b99017d
    m_nodeId: 60e4881e-480b-4ac2-87c1-907654aca4c3
    m_socketName: OutputSocket_0
    m_value: '{"ButtonCategory":"General","ButtonName":"Back","GameEvent":"","TimeDelay":3.0,"Trigger":0}'
    m_valueTypeQualifiedName: Doozy.Engine.UI.Connections.UIConnection, Assembly-CSharp,
      Version=0.0.0.0, Culture=neutral, PublicKeyToken=null
  - m_connectionMode: 0
    m_connections:
    - m_inputConnectionPoint: {x: -2, y: 4}
      m_outputConnectionPoint: {x: 202, y: 4}
      m_id: 744c17da-741a-4345-966c-3f88eaa04e73
      m_inputNodeId: 7152835e-db59-4022-9c45-9238a966420e
      m_inputSocketId: 5d0452e2-1fb4-434c-9128-65d74f14daff
      m_outputNodeId: 60e4881e-480b-4ac2-87c1-907654aca4c3
      m_outputSocketId: 8c7f16a9-739e-4858-8013-7a71084e31ab
    m_connectionPoints:
    - {x: -2, y: 4}
    - {x: 202, y: 4}
    m_direction: 1
    m_canBeDeleted: 1
    m_canBeReordered: 1
    m_curveModifier: 0
    m_height: 24
    m_width: 216
    m_x: 0
    m_y: 86
    m_id: 8c7f16a9-739e-4858-8013-7a71084e31ab
    m_nodeId: 60e4881e-480b-4ac2-87c1-907654aca4c3
    m_socketName: OutputSocket_1
    m_value: '{"ButtonCategory":"General","ButtonName":"ButtonMain","GameEvent":"","TimeDelay":3.0,"Trigger":0}'
    m_valueTypeQualifiedName: Doozy.Engine.UI.Connections.UIConnection, Assembly-CSharp,
      Version=0.0.0.0, Culture=neutral, PublicKeyToken=null
  m_nodeType: 4
  m_allowDuplicateNodeName: 0
  m_allowEmptyNodeName: 0
  m_canBeDeleted: 1
  m_debugMode: 0
  m_useFixedUpdate: 0
  m_useLateUpdate: 0
  m_useUpdate: 0
  m_height: 152
  m_width: 216
  m_x: 180
  m_y: -48
  m_minimumInputSocketsCount: 1
  m_minimumOutputSocketsCount: 1
  m_graphId: 091d78ff-7566-45f9-bc0a-5628be7df64d
  m_id: 60e4881e-480b-4ac2-87c1-907654aca4c3
  m_name: UISplash
  m_notes: 
  m_onEnterShowViews:
  - Category: General
    InstantAction: 0
    Name: SplashView
  m_onEnterHideViews: []
  m_onExitShowViews: []
  m_onExitHideViews:
  - Category: General
    InstantAction: 0
    Name: SplashView
--- !u!114 &11400000
MonoBehaviour:
  m_ObjectHideFlags: 0
  m_CorrespondingSourceObject: {fileID: 0}
  m_PrefabInstance: {fileID: 0}
  m_PrefabAsset: {fileID: 0}
  m_GameObject: {fileID: 0}
  m_Enabled: 1
  m_EditorHideFlags: 0
  m_Script: {fileID: 11500000, guid: e021c5c27274514469ad2992883d55db, type: 3}
  m_Name: Graph
  m_EditorClassIdentifier: 
  DebugMode: 0
  m_nodes:
  - {fileID: -3714057039910329246}
  - {fileID: -71974868780795634}
  - {fileID: -4973891634466385121}
  - {fileID: 4228640976763194203}
  - {fileID: -2012877237212849154}
  - {fileID: -2920118980259528056}
  - {fileID: -6483291585460064884}
  - {fileID: 5165255647295481677}
  - {fileID: -5286214996433677954}
  - {fileID: 3746698237230616908}
  m_isSubGraph: 0
  m_version: 1
  m_description: 
  m_id: 091d78ff-7566-45f9-bc0a-5628be7df64d
  m_lastModified: 132399349535050486
--- !u!114 &3746698237230616908
MonoBehaviour:
  m_ObjectHideFlags: 1
  m_CorrespondingSourceObject: {fileID: 0}
  m_PrefabInstance: {fileID: 0}
  m_PrefabAsset: {fileID: 0}
  m_GameObject: {fileID: 0}
  m_Enabled: 1
  m_EditorHideFlags: 0
  m_Script: {fileID: 11500000, guid: 840a439e06374673a9115ed02deb5a54, type: 3}
  m_Name: UINode
  m_EditorClassIdentifier: 
  ErrorNodeNameIsEmpty: 0
  ErrorDuplicateNameFoundInGraph: 0
  m_inputSockets:
  - m_connectionMode: 1
    m_connections:
    - m_inputConnectionPoint: {x: 202, y: 4}
      m_outputConnectionPoint: {x: -2, y: 4}
      m_id: 69cb6dfe-36cb-4ef0-baad-e2cdf546d266
      m_inputNodeId: 98012e29-627c-4fa9-a0cb-838044c51873
      m_inputSocketId: 39cdf1d2-b9ee-4ce6-8983-5c96fa9ca002
      m_outputNodeId: 7152835e-db59-4022-9c45-9238a966420e
      m_outputSocketId: cce9259c-4379-43e3-8754-3eee0b5a7032
    m_connectionPoints:
    - {x: -2, y: 4}
    - {x: 202, y: 4}
    m_direction: 0
    m_canBeDeleted: 0
    m_canBeReordered: 0
    m_curveModifier: 0
    m_height: 24
    m_width: 216
    m_x: 0
    m_y: 38
    m_id: 39cdf1d2-b9ee-4ce6-8983-5c96fa9ca002
    m_nodeId: 98012e29-627c-4fa9-a0cb-838044c51873
    m_socketName: InputSocket_0
    m_value: '{"ButtonCategory":"General","ButtonName":"Unnamed","GameEvent":"","TimeDelay":3.0,"Trigger":0}'
    m_valueTypeQualifiedName: Doozy.Engine.UI.Connections.UIConnection, Assembly-CSharp,
      Version=0.0.0.0, Culture=neutral, PublicKeyToken=null
  m_outputSockets:
  - m_connectionMode: 0
    m_connections:
    - m_inputConnectionPoint: {x: -2, y: 4}
      m_outputConnectionPoint: {x: 202, y: 4}
      m_id: b0bba367-c4f4-45db-9dfe-9deaafce0fba
      m_inputNodeId: 7152835e-db59-4022-9c45-9238a966420e
      m_inputSocketId: 5d0452e2-1fb4-434c-9128-65d74f14daff
      m_outputNodeId: 98012e29-627c-4fa9-a0cb-838044c51873
      m_outputSocketId: 7bd8caa4-2731-4616-ba6e-544c00036823
    m_connectionPoints:
    - {x: -2, y: 4}
    - {x: 202, y: 4}
    m_direction: 1
    m_canBeDeleted: 1
    m_canBeReordered: 1
    m_curveModifier: 0
    m_height: 24
    m_width: 216
    m_x: 0
    m_y: 62
    m_id: 7bd8caa4-2731-4616-ba6e-544c00036823
    m_nodeId: 98012e29-627c-4fa9-a0cb-838044c51873
    m_socketName: OutputSocket_0
    m_value: '{"ButtonCategory":"General","ButtonName":"Back","GameEvent":"","TimeDelay":3.0,"Trigger":0}'
    m_valueTypeQualifiedName: Doozy.Engine.UI.Connections.UIConnection, Assembly-CSharp,
      Version=0.0.0.0, Culture=neutral, PublicKeyToken=null
  - m_connectionMode: 0
    m_connections:
    - m_inputConnectionPoint: {x: -2, y: 4}
      m_outputConnectionPoint: {x: 202, y: 4}
      m_id: dc7ea233-8cb3-4967-b175-4bf77008b18f
      m_inputNodeId: 7152835e-db59-4022-9c45-9238a966420e
      m_inputSocketId: 5d0452e2-1fb4-434c-9128-65d74f14daff
      m_outputNodeId: 98012e29-627c-4fa9-a0cb-838044c51873
      m_outputSocketId: a2730d61-24d4-4ae7-80a9-d6ae4d0c07f3
    m_connectionPoints:
    - {x: -2, y: 4}
    - {x: 202, y: 4}
    m_direction: 1
    m_canBeDeleted: 1
    m_canBeReordered: 1
    m_curveModifier: 0
    m_height: 24
    m_width: 216
    m_x: 0
    m_y: 86
    m_id: a2730d61-24d4-4ae7-80a9-d6ae4d0c07f3
    m_nodeId: 98012e29-627c-4fa9-a0cb-838044c51873
    m_socketName: OutputSocket_1
    m_value: '{"ButtonCategory":"General","ButtonName":"ButtonGamesBack","GameEvent":"","TimeDelay":3.0,"Trigger":0}'
    m_valueTypeQualifiedName: Doozy.Engine.UI.Connections.UIConnection, Assembly-CSharp,
      Version=0.0.0.0, Culture=neutral, PublicKeyToken=null
  m_nodeType: 4
  m_allowDuplicateNodeName: 0
  m_allowEmptyNodeName: 0
  m_canBeDeleted: 1
  m_debugMode: 0
  m_useFixedUpdate: 0
  m_useLateUpdate: 0
  m_useUpdate: 0
  m_height: 152
  m_width: 216
  m_x: 336
  m_y: 252
  m_minimumInputSocketsCount: 1
  m_minimumOutputSocketsCount: 1
  m_graphId: 091d78ff-7566-45f9-bc0a-5628be7df64d
  m_id: 98012e29-627c-4fa9-a0cb-838044c51873
  m_name: UIGamesMenu
  m_notes: 
  m_onEnterShowViews:
  - Category: General
    InstantAction: 0
    Name: GamesView
  m_onEnterHideViews: []
  m_onExitShowViews: []
  m_onExitHideViews:
  - Category: General
    InstantAction: 0
    Name: GamesView
--- !u!114 &4228640976763194203
MonoBehaviour:
  m_ObjectHideFlags: 1
  m_CorrespondingSourceObject: {fileID: 0}
  m_PrefabInstance: {fileID: 0}
  m_PrefabAsset: {fileID: 0}
  m_GameObject: {fileID: 0}
  m_Enabled: 1
  m_EditorHideFlags: 0
  m_Script: {fileID: 11500000, guid: ea08aeacce5dcd746b2f00e10a995b72, type: 3}
  m_Name: PortalNode
  m_EditorClassIdentifier: 
  ErrorNodeNameIsEmpty: 0
  ErrorDuplicateNameFoundInGraph: 0
  m_inputSockets: []
  m_outputSockets:
  - m_connectionMode: 0
    m_connections:
    - m_inputConnectionPoint: {x: -2, y: 4}
      m_outputConnectionPoint: {x: 202, y: 4}
      m_id: 20d931e0-8866-4362-9524-811482c799bd
      m_inputNodeId: 7152835e-db59-4022-9c45-9238a966420e
      m_inputSocketId: 5d0452e2-1fb4-434c-9128-65d74f14daff
      m_outputNodeId: bdd184dd-fab1-4996-a142-a2ad955040ee
      m_outputSocketId: 8626d980-6a0a-497a-b006-d6d91096da0d
    m_connectionPoints:
    - {x: -2, y: 4}
    - {x: 202, y: 4}
    m_direction: 1
    m_canBeDeleted: 0
    m_canBeReordered: 0
    m_curveModifier: 0
    m_height: 24
    m_width: 216
    m_x: 0
    m_y: 38
    m_id: 8626d980-6a0a-497a-b006-d6d91096da0d
    m_nodeId: bdd184dd-fab1-4996-a142-a2ad955040ee
    m_socketName: OutputSocket_0
    m_value: '{}'
    m_valueTypeQualifiedName: Doozy.Engine.Nody.Connections.PassthroughConnection,
      Assembly-CSharp, Version=0.0.0.0, Culture=neutral, PublicKeyToken=null
  m_nodeType: 5
  m_allowDuplicateNodeName: 0
  m_allowEmptyNodeName: 0
  m_canBeDeleted: 1
  m_debugMode: 0
  m_useFixedUpdate: 0
  m_useLateUpdate: 0
  m_useUpdate: 0
  m_height: 132
  m_width: 216
  m_x: 180
  m_y: -216
  m_minimumInputSocketsCount: 1
  m_minimumOutputSocketsCount: 1
  m_graphId: 091d78ff-7566-45f9-bc0a-5628be7df64d
  m_id: bdd184dd-fab1-4996-a142-a2ad955040ee
  m_name: MainMenu GameEvent
  m_notes: 
  ErrorNotListeningForAnyGameEvent: 0
  m_gameEvent: MainMenu
  ListenFor: 0
  AnyValue: 0
  UIViewTriggerAction: 1
  ViewCategory: General
  ViewName: Unnamed
  UIButtonTriggerAction: 0
  ButtonCategory: General
  ButtonName: Unnamed
  UIDrawerTriggerAction: 0
  DrawerName: Unnamed
  CustomDrawerName: 0
  SwitchBackMode: 0
--- !u!114 &5165255647295481677
MonoBehaviour:
  m_ObjectHideFlags: 1
  m_CorrespondingSourceObject: {fileID: 0}
  m_PrefabInstance: {fileID: 0}
  m_PrefabAsset: {fileID: 0}
  m_GameObject: {fileID: 0}
  m_Enabled: 1
  m_EditorHideFlags: 0
  m_Script: {fileID: 11500000, guid: 840a439e06374673a9115ed02deb5a54, type: 3}
  m_Name: UINode
  m_EditorClassIdentifier: 
  ErrorNodeNameIsEmpty: 0
  ErrorDuplicateNameFoundInGraph: 0
  m_inputSockets:
  - m_connectionMode: 1
    m_connections:
    - m_inputConnectionPoint: {x: -2, y: 4}
      m_outputConnectionPoint: {x: 202, y: 4}
      m_id: f7f054bd-abb0-44ed-bcd8-fca505edcbb2
      m_inputNodeId: 1861e3ae-2577-4456-a10e-c3bf77af750d
      m_inputSocketId: d242efcf-8aa9-4192-a1f1-a15d6d6bb256
      m_outputNodeId: c3dfa095-0d00-48d4-8229-2086c6f1819a
      m_outputSocketId: 63ad45b3-ae2a-43f1-b27a-f9142d299915
    m_connectionPoints:
    - {x: -2, y: 4}
    - {x: 202, y: 4}
    m_direction: 0
    m_canBeDeleted: 0
    m_canBeReordered: 0
    m_curveModifier: 0
    m_height: 24
    m_width: 216
    m_x: 0
    m_y: 38
    m_id: d242efcf-8aa9-4192-a1f1-a15d6d6bb256
    m_nodeId: 1861e3ae-2577-4456-a10e-c3bf77af750d
    m_socketName: InputSocket_0
    m_value: '{"ButtonCategory":"General","ButtonName":"Unnamed","GameEvent":"","TimeDelay":3.0,"Trigger":0}'
    m_valueTypeQualifiedName: Doozy.Engine.UI.Connections.UIConnection, Assembly-CSharp,
      Version=0.0.0.0, Culture=neutral, PublicKeyToken=null
  m_outputSockets:
  - m_connectionMode: 0
    m_connections: []
    m_connectionPoints:
    - {x: -2, y: 4}
    - {x: 202, y: 4}
    m_direction: 1
    m_canBeDeleted: 1
    m_canBeReordered: 1
    m_curveModifier: 0
    m_height: 24
    m_width: 216
    m_x: 0
    m_y: 62
    m_id: 3748f237-0e6f-4f07-ae44-865236e931d5
    m_nodeId: 1861e3ae-2577-4456-a10e-c3bf77af750d
    m_socketName: OutputSocket_0
    m_value: '{"ButtonCategory":"General","ButtonName":"Back","GameEvent":"","TimeDelay":3.0,"Trigger":0}'
    m_valueTypeQualifiedName: Doozy.Engine.UI.Connections.UIConnection, Assembly-CSharp,
      Version=0.0.0.0, Culture=neutral, PublicKeyToken=null
  m_nodeType: 4
  m_allowDuplicateNodeName: 0
  m_allowEmptyNodeName: 0
  m_canBeDeleted: 1
  m_debugMode: 0
  m_useFixedUpdate: 0
  m_useLateUpdate: 0
  m_useUpdate: 0
  m_height: 128
  m_width: 216
  m_x: 1848
  m_y: 24
  m_minimumInputSocketsCount: 1
  m_minimumOutputSocketsCount: 1
  m_graphId: 091d78ff-7566-45f9-bc0a-5628be7df64d
  m_id: 1861e3ae-2577-4456-a10e-c3bf77af750d
  m_name: UIGame
  m_notes: 
  m_onEnterShowViews:
  - Category: General
    InstantAction: 0
    Name: TombolaView
  m_onEnterHideViews: []
  m_onExitShowViews: []
  m_onExitHideViews:
  - Category: General
    InstantAction: 0
    Name: TombolaView
